<record xmlns="http://www.openarchives.org/OAI/2.0/" xmlns:xsi="http://www.w3.org/2001/XMLSchema-instance"><header><identifier>oai:alma.34CSIC_INST:990013498060204201</identifier><datestamp>2020-02-06T08:40:59Z</datestamp><setSpec>manuscripta</setSpec></header><metadata><record xmlns="http://www.loc.gov/MARC21/slim" xmlns:xsi="http://www.w3.org/2001/XMLSchema-instance" xsi:schemaLocation="http://www.loc.gov/MARC21/slim http://www.loc.gov/standards/marcxml/schema/MARC21slim.xsd"><leader>08571nam a2200769 i 4500</leader><controlfield tag="005">20181031100336.0</controlfield><controlfield tag="008">100705s1850                  000 0 ara d</controlfield><controlfield tag="001">990013498060204201</controlfield><datafield tag="035" ind1=" " ind2=" "><subfield code="a">CSIC001349806</subfield></datafield><datafield tag="035" ind1=" " ind2=" "><subfield code="a">(ES-MaCSI)001349806MAD01-Aleph</subfield></datafield><datafield tag="035" ind1=" " ind2=" "><subfield code="a">(OCoLC)1123826022
</subfield></datafield><datafield tag="040" ind1=" " ind2=" "><subfield code="a">ES-MaCSI</subfield><subfield code="b">spa</subfield></datafield><datafield tag="245" ind1="1" ind2="0"><subfield code="a">مجموعة مؤلفات في الفقه المالكي‭</subfield><subfield code="h">[‭Manuscrito]</subfield></datafield><datafield tag="260" ind1=" " ind2=" "><subfield code="c">[ca 1850].</subfield></datafield><datafield tag="300" ind1=" " ind2=" "><subfield code="a">445 f. ;</subfield><subfield code="c">22,7 x 17,8 cm (caja: 16,5 x 12,5 cm).</subfield></datafield><datafield tag="490" ind1="1" ind2=" "><subfield code="a">Manuscripta</subfield></datafield><datafield tag="546" ind1=" " ind2=" "><subfield code="a">Arabe</subfield><subfield code="b">Escritura magrebí</subfield></datafield><datafield tag="500" ind1=" " ind2=" "><subfield code="a">Título transliterado: Maŷmūʽat muʼallafāt fī l-fiqh al-mālikī</subfield></datafield><datafield tag="500" ind1=" " ind2=" "><subfield code="a">Título facticio</subfield></datafield><datafield tag="500" ind1=" " ind2=" "><subfield code="a">Distribución: 1 col. La mayor parte de la obra tiene 25 líneas por página. Otras varían desde 13 a 32.</subfield></datafield><datafield tag="500" ind1=" " ind2=" "><subfield code="a">Material: Papel</subfield></datafield><datafield tag="500" ind1=" " ind2=" "><subfield code="a">Tinta: Negra y roja</subfield></datafield><datafield tag="500" ind1=" " ind2=" "><subfield code="a">Lugar de escritura: No consta</subfield></datafield><datafield tag="500" ind1=" " ind2=" "><subfield code="a">Copista: No consta</subfield></datafield><datafield tag="500" ind1=" " ind2=" "><subfield code="a">Fecha aproximada a partir de las investigaciones de los doctores Sonsoles González García, Domingo Campillo García y Teresa Espejo Arias, publicadas en la revista Al-qantara, v. 38,1 (enero-junio 2017), p. 99-111. La datación de los manuscritos hasta la publicación de este trabajo había sido descrita por Naima Anahnah (2010) para el proyecto Manuscripta CSIC y databa las obras 1ª y 2ª en 1264 de la Hégira [1848] y 1265 [1849] respectivamente; la 3ª no tenía fecha fecha, la 4ª era fechada por esta catalogadora en [1709/1710] 1121 de la Hégira y la 5ª en [1649-1650] 1059 de la Hégira</subfield></datafield><datafield tag="500" ind1=" " ind2=" "><subfield code="a">Características especiales: Texto sin vocalizar</subfield></datafield><datafield tag="500" ind1=" " ind2=" "><subfield code="a">Ilustración: No</subfield></datafield><datafield tag="500" ind1=" " ind2=" "><subfield code="a">Tipo de cuaderno: No es posible contar los cuadernos ya que el volumen podría deshacerse</subfield></datafield><datafield tag="500" ind1=" " ind2=" "><subfield code="a">Deterioros: En general, buen estado del texto. - La encuadernación está deteriorada con la solapa de cierre suelta. - En algunos folios de la obra hay manchas y deterioros de la tinta que no afectan al texto.</subfield></datafield><datafield tag="500" ind1=" " ind2=" "><subfield code="a">H en blanco: No</subfield></datafield><datafield tag="500" ind1=" " ind2=" "><subfield code="a">H dañadas, mutiladas, sueltas: H mutiladas: la mayoría de los folios han sido guillotinados tanto en su margen lateral como en el superior. 2 H sueltas: f. 330 y 331</subfield></datafield><datafield tag="500" ind1=" " ind2=" "><subfield code="a">H faltan o añadidas: No</subfield></datafield><datafield tag="500" ind1=" " ind2=" "><subfield code="a">Foliación: Sin foliación original. Foliación moderna a lápiz hecha por Naima Anahnah (2010)</subfield></datafield><datafield tag="500" ind1=" " ind2=" "><subfield code="a">Reclamos: Reclamos en tinta negra y algunos en tinta roja en el margen inferior izquierdo de todos los folios verso</subfield></datafield><datafield tag="500" ind1=" " ind2=" "><subfield code="a">Sign. cuad.: No</subfield></datafield><datafield tag="500" ind1=" " ind2=" "><subfield code="a">Pautado: No se aprecia</subfield></datafield><datafield tag="500" ind1=" " ind2=" "><subfield code="a">Filigrana: No</subfield></datafield><datafield tag="563" ind1=" " ind2=" "><subfield code="a">Encuadernación: Cartera con solapa de cierre en piel granate sobre papelón. La decoración de las tapas está formada por una orla de rueda gofrada de lacería en los bordes y dos hilos rectangulares en el interior. En el central, motivo gofrado en seco rodeado de puntos cincelados unidos por arquillos y esquinas con flores también en seco. El Lomo de corte vertical está decorado con los mismos motivos florales de las tapas y el lomo está liso.</subfield></datafield><datafield tag="541" ind1=" " ind2=" "><subfield code="a">Procedencia: Donación</subfield><subfield code="c">[Soledad Granados Montoro]</subfield><subfield code="d">Ingreso: 12 de mayo de 1986</subfield></datafield><datafield tag="500" ind1=" " ind2=" "><subfield code="a">Signatura antigua: VOL. XXVIII; CAJA 2-1</subfield></datafield><datafield tag="500" ind1=" " ind2=" "><subfield code="a">Anotaciones: Frecuentes anotaciones marginales en tinta negra que enmiendan, corrigen o comentan el texto de la obra. - Cuando se trata de correcciones aparece la letra خ seguida de la corrección; si por otro lado, es una llamada de atención aparece la palabra قف en el espacio interlineal de la caja de escritura seguida de los vocablos correspondientes; y finalmente, cuando se hace un comentario al contenido textual no se sigue ningún criterio, simplemente se anota donde se puede. - Las anotaciones son de distintas manos sin contar la del propio copista. Destacan también las extensas anotaciones sobre diferentes temas del derecho islámico en el interior de las tapas así como en los folios que abarcan del 1r al 5r, 224v al 225v, 292r al 298v y 441v al 445v. - Entre los folios 331 y 332 hay una pequeña nota manuscrita. - En el interior de la solapa de cierre, escrito a lápiz en el margen superior derecho, se lee el número 1 que, probablemente, hacía referencia al número de catalogación del volumen antes de su ingreso en la BEEA. - Por otro lado, una etiqueta en el lomo repite la antigua signatura del volumen “CAJA 2-1”.</subfield></datafield><datafield tag="581" ind1=" " ind2=" "><subfield code="a">Descripción: González García, Sonsoles. Estudio de las encuadernaciones originales datadas de la colección de manuscritos de la Biblioteca de la Escuela de Estudios Árabes de Granada. Granada, 2010. - González García, Sonsoles. Estudio de las encuadernaciones originales datadas de la colección de manuscritos árabes de la Biblioteca de la Escuela de Estudios Árabes de Granada : tesis doctoral, Granada, 2014. - González García, Sonsoles; Campillo García, Domingo ; Espejo Arias, Teresa. "Novedades sobre la datación de los manuscritos árabes de la Escuela de Estudios Árabes de Granada", Al-qantara 38,1 (enero-junio 2017), 99-111</subfield></datafield><datafield tag="530" ind1=" " ind2=" "><subfield code="a">Otros soportes: No</subfield></datafield><datafield tag="581" ind1=" " ind2=" "><subfield code="a">Edición: No</subfield></datafield><datafield tag="510" ind1="4" ind2=" "><subfield code="a">Manuscritos árabes y fondo antiguo de la Escuela de Estudios Árabes</subfield><subfield code="c">p. 99-100</subfield></datafield><datafield tag="510" ind1="4" ind2=" "><subfield code="a">Novedades sobre la datación de los manuscritos árabes de la Escuela de Estudios Árabes de Granada</subfield><subfield code="c">p. 108-109</subfield></datafield><datafield tag="520" ind1="2" ind2=" "><subfield code="a">Contenido: Šarḥ Tuḥfat al-ḥukkām (5v-224v) [1848?] 1264? de la Hégira / Muḥammad al-Tāwudī b. Sūda. - Taʽlīq waŷīz ʽalà a-lāmiyya [sic] al-Zaqqāq (226r-292r) [1849?] 1265? de la Hégira / Muḥammad al-Tāwudī b. Sūda. - Taqyīd masāʼil ʽadīda (299r-335v) [ca 1850]. - Al-Amāliyyāt al-fāšiyya fi šarḥ al-ʽAmāliyyāt al-fāsiyya (336r-430r) [ca 1850] . - Bustān fikr al-minhaŷ fi tadlīl muntajab al-minhaŷ (430r-441v) [ca 1850]</subfield></datafield><datafield tag="650" ind1=" " ind2="7"><subfield code="a">Malikíes</subfield><subfield code="v">Manuscritos.</subfield><subfield code="2">CSICAU</subfield></datafield><datafield tag="650" ind1=" " ind2="7"><subfield code="a">Derecho islámico</subfield><subfield code="v">Manuscritos.</subfield><subfield code="2">CSICAU</subfield></datafield><datafield tag="700" ind1="1" ind2=" "><subfield code="a">Tāwudī, Muḥammad al-</subfield><subfield code="d">(1699 ó 1700-1795).</subfield></datafield><datafield tag="700" ind1="1" ind2=" "><subfield code="a">Dukkālī, Aḥmad b. Muḥammad al-</subfield></datafield><datafield tag="700" ind1="1" ind2=" "><subfield code="a">ʽUmayrī, Abū l-Qāsim al-</subfield></datafield><datafield tag="700" ind1="1" ind2=" "><subfield code="a">Mayyāra, Muḥammad b. Aḥmad,</subfield><subfield code="d">(1590 ó 91-1661 ó 2).</subfield></datafield><datafield tag="740" ind1="0" ind2=" "><subfield code="a">Maŷmūʽat muʼallafāt fī l-fiqh al-mālikī</subfield></datafield><datafield tag="740" ind1="0" ind2=" "><subfield code="a">شرح تحفة الحكام</subfield></datafield><datafield tag="740" ind1="0" ind2=" "><subfield code="a">Šarḥ Tuḥfat al-ḥukkām</subfield></datafield><datafield tag="740" ind1="0" ind2=" "><subfield code="a">تقييد مسائل عديدة</subfield></datafield><datafield tag="740" ind1="0" ind2=" "><subfield code="a">Taqyīd masāʼil ʽadīda</subfield></datafield><datafield tag="740" ind1="0" ind2=" "><subfield code="a">الاماليّات الفاشية في شرح العمليات الفاسية</subfield></datafield><datafield tag="740" ind1="0" ind2=" "><subfield code="a">Al-Amāliyyāt al-fāšiyya fī šarḥ al-ʽAmaliyyāt al-fāsiyya</subfield></datafield><datafield tag="740" ind1="0" ind2=" "><subfield code="a">بستان فكر المنهج في تذييل منتخب المنهج</subfield></datafield><datafield tag="740" ind1="0" ind2=" "><subfield code="a">Bustān fikr al-minhaŷ fī taḏlīl muntajab al-minhaŷ</subfield></datafield><datafield tag="740" ind1="0" ind2=" "><subfield code="a">تعليقٌ وجيزٌ على الامية [sic] الزقاق</subfield></datafield><datafield tag="740" ind1="0" ind2=" "><subfield code="a">Taʽlīq waŷīz ʽalà a-lāmiyya [sic] al-Zaqqāq</subfield></datafield><datafield tag="830" ind1=" " ind2="0"><subfield code="a">Manuscripta</subfield></datafield><datafield tag="856" ind1="4" ind2="1"><subfield code="u">http://aleph.csic.es/imagenes/mad01/0006_PMSC/P_001349806_783054_V00.pdf</subfield><subfield code="z">Descargar Pdf completo (66M)</subfield><subfield code="m">CSIC</subfield></datafield><datafield tag="856" ind1="4" ind2="1"><subfield code="u">http://simurg.bibliotecas.csic.es/viewer/image/CSIC001349806/1/</subfield><subfield code="z">Ver texto completo en SIMURG, el portal de fondos digitalizados del CSIC</subfield><subfield code="m">CSIC</subfield></datafield><datafield tag="856" ind1="4" ind2="1"><subfield code="u">http://aleph.csic.es/imagenes/mad01/0006_PMSC/html/001349806.html</subfield><subfield code="z">Ver texto completo en Bookreader</subfield></datafield></record></metadata></record>